@article{tenny1988program,
  title="{Program Readability: Procedures Versus Comments}",
  author={Tenny, Ted},
  journal={IEEE Transactions on Software Engineering},
  volume={14},
  number={9},
  pages={1271--1279},
  year={1988},
  publisher={IEEE}
}

@article{gruber1995toward,
  title="{Toward Principles for the Design of Ontologies Used for Knowledge Sharing}",
  author={Gruber, Thomas R.},
  journal={International journal of human-computer studies},
  volume={43},
  number={5},
  pages={907--928},
  year={1995},
  publisher={Elsevier}
}

@article{rosemann2002developing,
  title="{Developing a Meta Model for the Bunge--Wand--Weber Ontological Constructs}",
  author={Rosemann, Michael and Green, Peter},
  journal={Information systems},
  volume={27},
  number={2},
  pages={75--91},
  year={2002},
  publisher={Elsevier}
}

@inproceedings{milton2004top,
  title="{Top-level Ontology: The Problem with Naturalism}",
  author={Milton, Simon K and Smith, Barry},
  booktitle={Formal ontology in information systems},
  pages={85--94},
  year={2004}
}

@article{wand1995deep,
  title="{On the Deep Structure of Information Systems}",
  author={Wand, Yair and Weber, Ron},
  journal={Information Systems Journal},
  volume={5},
  number={3},
  pages={203--223},
  year={1995},
  publisher={Wiley Online Library}
}

@article{wand1990ontological,
  title="{An Ontological Model of an Information System}",
  author={Wand, Yair and Weber, Ron},
  journal={IEEE Transactions on Software Engineering},
  volume={16},
  number={11},
  pages={1282--1292},
  year={1990},
  publisher={IEEE}
}

@article{moody2009physics,
  title="{The “Physics” of Notations: Toward a Scientific Basis for Constructing Visual Notations in Software Engineering}",
  author={Moody, Daniel L},
  journal={IEEE Transactions on Software Engineering},
  volume={35},
  number={6},
  pages={756--779},
  year={2009},
  publisher={IEEE}
}

@article{gehlert2007toward,
  title="{Toward a Formal Research Framework for Ontological Analyses}",
  author={Gehlert, Andreas and Esswein, Werner},
  journal={Advanced Engineering Informatics},
  volume={21},
  number={2},
  pages={119--131},
  year={2007},
  publisher={Elsevier}
}

@article{green2000integrated,
  title="{Integrated Process Modeling: an Ontological Evaluation}",
  author={Green, Peter and Rosemann, Michael},
  journal={Information Systems},
  volume={25},
  number={2},
  pages={73--87},
  year={2000},
  publisher={Elsevier}
}

@article{opdahl2002ontological,
  title="{Ontological Evaluation of the UML Using the Bunge--Wand--Weber Model}",
  author={Opdahl, Andreas L. and Henderson-Sellers, Brian},
  journal={Software and Systems Modeling},
  volume={1},
  number={1},
  pages={43--67},
  year={2002},
  publisher={Springer}
}

@article{parsons1997using,
  title={Using objects for systems analysis},
  author={Parsons, Jeffrey and Wand, Yair},
  journal={Communications of the ACM},
  volume={40},
  number={12},
  pages={104--110},
  year={1997},
  publisher={ACM}
}

@article{weber1996analytical,
  title="{An Analytical Evaluation of NIAM's grammar for Conceptual Schema Diagrams}",
  author={Weber, Ron and Zhang, Yanchun},
  journal={Information Systems Journal},
  volume={6},
  number={2},
  pages={147--170},
  year={1996},
  publisher={Wiley Online Library}
}

@book{Weber1997,
  title = "{Ontological Foundations of Information Systems}",
  author={Weber, Ron},
  year={197},
  publisher={Coopers and Lybrand}
}


@article{CSS2,
  author    = "Bert Bos and Tantek {\c C}elik and Ian Hickson and Hakon Wium Lie",
  journal   = "{W3C Recommendation}",
  title     = "{Cascading Style Sheets Level 2 Revision 1 (CSS 2.1) Specification}",
  note      = "\url{http://www.w3.org/TR/2011/REC-CSS2-20110607}",
  month     = jun,
  year      = "2011",
}

@article{CSS3,
  author    = "Elika J. Etemad",
  journal   = "{W3C Working Group Note}",
  title     = "{Cascading Style Sheets (CSS) Snapshot 2010}",
  note      = "\url{http://www.w3.org/TR/2011/NOTE-css-2010-20110512/}",
  month     = may,
  year      = "2011",
}

@misc{SASS,
  author = "Hampton Catlin and Natalie Weizenbaum and Chris Eppstein",
  title  = "{SASS: Syntactically Awesome Style Sheets}",
  year   = 2006,
  note   = "\url{http://sass-lang.com}"
}

@misc{LESS,
  author = "Alexis Sellier and Jon Schlinkert and Luke Page and Marcus Bointon and Mária Jurčovičová and Matthew Dean and Max Mikhailov",
  title  = "{Less}",
  year   = 2009,
  note   = "\url{http://lesscss.org}"
}

@misc{Stylus,
  author = "T. J. Holowaychuk",
  title  = "{Stylus}",
  year   = 2015,
  note   = "\url{https://learnboost.github.io/stylus}"
}

@misc{GitHub,
  title  = "{GitHub}",
  note   = "\url{https://github.com/about/press}"
}

@inproceedings{gousios2014lean,
  title="{Lean GHTorrent: GitHub Data on Demand}",
  author={Gousios, Georgios and Vasilescu, Bogdan and Serebrenik, Alexander and Zaidman, Andy},
  booktitle={Proceedings of the 11th Working Conference on Mining Software Repositories},
  pages={384--387},
  year={2014},
  organization={ACM}
}

@misc{Mozilla,
  author = "David Hyatt",
  title  = "{Guidelines for Efficient CSS}",
  year   = 2000,
  note   = "\url{https://developer.mozilla.org/en-US/docs/Web/Guide/CSS/Writing_efficient_CSS}"
}

@misc{Google,
  author = "Elliot Glaysher",
  title  = "{HTML/CSS Style Guide}",
  note   = "\url{https://google-styleguide.googlecode.com/svn/trunk/htmlcssguide.xml#General_Style_Rules}"
}

@misc{Wordpress,
  author = "Wordpress",
  title  = "{CSS Coding Standards}",
  note   = "\url{https://make.wordpress.org/core/handbook/coding-standards/css/}"
}

@misc{Drupal,
  author = "Drupal",
  title  = "{CSS Coding Standards}",
  note   = "\url{https://www.drupal.org/node/1886770}"
}

@article{Buse2010,
  author    = {Buse, Raymond P. L. and Weimer, Westley R.},
  title     = "{Learning a Metric for Code Readability}",
  journal   = {IEEE Transactions on Software Engineering},
  volume    = {36},
  number    = {4},
  month     = jul,
  year      = {2010},
  issn      = {0098-5589},
  pages     = {546--558},
  doi       = {10.1109/TSE.2009.70},
  publisher = {IEEE Press},
} 
