@article{gruber1995toward,
  title={Toward principles for the design of ontologies used for knowledge sharing},
  author={Gruber, Thomas R},
  journal={International journal of human-computer studies},
  volume={43},
  number={5},
  pages={907--928},
  year={1995},
  publisher={Elsevier}
}

@inproceedings{milton2004top,
  title={Top-level ontology: The problem with naturalism},
  author={Milton, Simon K and Smith, Barry},
  booktitle={Formal ontology in information systems},
  pages={85--94},
  year={2004}
}

@article{wand1995deep,
  title={On the deep structure of information systems},
  author={Wand, Yair and Weber, Ron},
  journal={Information Systems Journal},
  volume={5},
  number={3},
  pages={203--223},
  year={1995},
  publisher={Wiley Online Library}
}

@article{wand1990ontological,
  title={An ontological model of an information system},
  author={Wand, Yair and Weber, Ron},
  journal={Software Engineering, IEEE Transactions on},
  volume={16},
  number={11},
  pages={1282--1292},
  year={1990},
  publisher={IEEE}
}

@article{moody2009physics,
  title={The “physics” of notations: toward a scientific basis for constructing visual notations in software engineering},
  author={Moody, Daniel L},
  journal={Software Engineering, IEEE Transactions on},
  volume={35},
  number={6},
  pages={756--779},
  year={2009},
  publisher={IEEE}
}

@article{gehlert2007toward,
  title={Toward a formal research framework for ontological analyses},
  author={Gehlert, Andreas and Esswein, Werner},
  journal={Advanced Engineering Informatics},
  volume={21},
  number={2},
  pages={119--131},
  year={2007},
  publisher={Elsevier}
}

@article{green2000integrated,
  title={Integrated process modeling: an ontological evaluation},
  author={Green, Peter and Rosemann, Michael},
  journal={Information systems},
  volume={25},
  number={2},
  pages={73--87},
  year={2000},
  publisher={Elsevier}
}